<record><leader>00000cas a2200000 a 4500</leader><controlfield tag="001">12794838</controlfield><controlfield tag="008">851114d19661977ksuwr ne      0    0eng d</controlfield><datafield ind1=" " ind2=" " tag="010"><subfield code="a">sn 85067218 </subfield></datafield><datafield ind1=" " ind2=" " tag="040"><subfield code="a">KSH</subfield><subfield code="b">eng</subfield><subfield code="c">KSH</subfield><subfield code="d">NPT</subfield><subfield code="d">OCL</subfield><subfield code="d">OCLCQ</subfield></datafield><datafield ind1=" " ind2=" " tag="042"><subfield code="a">msc</subfield></datafield><datafield ind1="0" ind2=" " tag="130"><subfield code="a">Pictorial-times (Topeka, Kan. : 1966)</subfield></datafield><datafield ind1="1" ind2="4" tag="245"><subfield code="a">The pictorial-times.</subfield></datafield><datafield ind1=" " ind2=" " tag="260"><subfield code="a">Topeka, Kan. :</subfield><subfield code="b">Central Press-Pictorial &amp; Bert C. Carlyle,</subfield><subfield code="c">1966-1977.</subfield></datafield><datafield ind1=" " ind2=" " tag="300"><subfield code="a">12 v. :</subfield><subfield code="b">ill. ;</subfield><subfield code="c">39-58 cm.</subfield></datafield><datafield ind1=" " ind2=" " tag="310"><subfield code="a">Weekly,</subfield><subfield code="b">June 10, 1971-June 29, 1977</subfield></datafield><datafield ind1=" " ind2=" " tag="321"><subfield code="a">Weekly,</subfield><subfield code="b">Mar. 9, 1966-Jan. 28, 1971</subfield></datafield><datafield ind1=" " ind2=" " tag="321"><subfield code="a">Semiweekly,</subfield><subfield code="b">Feb. 3-June 3, 1971</subfield></datafield><datafield ind1="0" ind2=" " tag="362"><subfield code="a">33rd year, no. 10 (Mar. 9, 1966)-44th year, no. 26 (June 29, 1977).</subfield></datafield><datafield ind1=" " ind2=" " tag="525"><subfield code="a">Includes supplements.</subfield></datafield><datafield ind1=" " ind2=" " tag="752"><subfield code="a">United States</subfield><subfield code="b">Kansas</subfield><subfield code="c">Shawnee</subfield><subfield code="d">Topeka.</subfield></datafield><datafield ind1="0" ind2="0" tag="780"><subfield code="t">Topeka pictorial-times</subfield><subfield code="w">(DLC)sn 85067217</subfield></datafield><datafield ind1="0" ind2="5" tag="780"><subfield code="t">Shawnee County reporter</subfield><subfield code="g">July 1969</subfield><subfield code="w">(DLC)sn 85067214</subfield></datafield><datafield ind1="1" ind2=" " tag="029"><subfield code="a">AU@</subfield><subfield code="b">000022171496</subfield></datafield></record>